@article{seig17,
  title = {Three-Dimensional General-Relativistic Magnetohydrodynamic Simulations of Remnant Accretion Disks from Neutron Star Mergers: Outflows and $r$-Process Nucleosynthesis},
  author = {Siegel, Daniel M. and Metzger, Brian D.},
  journal = {Phys. Rev. Lett.},
  volume = {119},
  issue = {23},
  pages = {231102},
  numpages = {7},
  year = {2017},
  month = {Dec},
  publisher = {American Physical Society},
  doi = {10.1103/PhysRevLett.119.231102},
  url = {https://link.aps.org/doi/10.1103/PhysRevLett.119.231102}
}

@article{bert17,
  title = {Observation of Caroli\char21{}de Gennes\char21{}Matricon Vortex States in ${\mathrm{YBa}}_{2}{\mathrm{Cu}}_{3}{\mathrm{O}}_{7\ensuremath{-}\ensuremath{\delta}}$},
  author = {Berthod, Christophe and Maggio-Aprile, Ivan and Bru\'er, Jens and Erb, Andreas and Renner, Christoph},
  journal = {Phys. Rev. Lett.},
  volume = {119},
  issue = {23},
  pages = {237001},
  numpages = {7},
  year = {2017},
  month = {Dec},
  publisher = {American Physical Society},
  doi = {10.1103/PhysRevLett.119.237001},
  url = {https://link.aps.org/doi/10.1103/PhysRevLett.119.237001}
}